@Book{bai1,
author = {Korb, K. B. and Nicholson, A. E.},
title = {Bayesian Artificial Intelligence},
publisher = {Chapman & Hall},
year = {2004},
series = {Series in Computer Science and Data Analysis},
edition = {First Edition},
}

@Misc{eco1,
author = {The Economist},
title = {In praise of Bayes},
howpublished = {Article in Magazine},
month = {September},
year = {2000},
}












